@book{slides,
author = {Khoa Công nghệ Thông tin},
title = {{Slides b{\`{a}}i giảng m{\^{o}}n học Mạng m{\'{a}}y t{\'{i}}nh}}
}

@book{cn,
author = {{James F. Kurose}, {Keith W. Ross}},
edition = {6},
isbn = {978-0-13-285620-1},
publisher = {Pearson},
title = {{Computer Networking: A Top-Down Approach}},
pages = {354},
year = {2013}
}


